@book{kolditz2016thermo,
  title={Thermo-hydro-mechanical-chemical processes in fractured porous media: modelling and benchmarking},
  author={Kolditz, Olaf and Shao, Hua and Wang, Wenqing and Bauer, Sebastian},
  year={2016},
  publisher={Springer}
}

